<record><leader>02168cam a2200385Ii 45 0</leader><controlfield tag="001">6815176</controlfield><controlfield tag="003">OCoLC</controlfield><controlfield tag="005">20150304105257.0</controlfield><controlfield tag="008">141210r20152014nyu           000 f eng d</controlfield><datafield ind1=" " ind2=" " tag="020"><subfield code="a">0345545958</subfield></datafield><datafield ind1=" " ind2=" " tag="020"><subfield code="a">9780345545954</subfield></datafield><datafield ind1=" " ind2=" " tag="035"><subfield code="a">ocn898006041</subfield></datafield><datafield ind1=" " ind2=" " tag="040"><subfield code="a">YDXCP</subfield><subfield code="b">eng</subfield><subfield code="e">rda</subfield><subfield code="c">YDXCP</subfield><subfield code="d">OCLCQ</subfield><subfield code="d">BDX</subfield><subfield code="d">OCLCQ</subfield><subfield code="d">ZS3</subfield><subfield code="d">ARDC</subfield></datafield><datafield ind1="0" ind2="4" tag="082"><subfield code="a">813/.54</subfield><subfield code="2">23</subfield></datafield><datafield ind1=" " ind2=" " tag="090"><subfield code="a">KOO</subfield><subfield code="b">ARDC</subfield></datafield><datafield ind1="1" ind2=" " tag="100"><subfield code="a">Koontz, Dean R.</subfield><subfield code="q">(Dean Ray),</subfield><subfield code="d">1945-</subfield></datafield><datafield ind1="1" ind2="4" tag="245"><subfield code="a">The city :</subfield><subfield code="b">a novel /</subfield><subfield code="c">Dean Koontz.</subfield></datafield><datafield ind1=" " ind2=" " tag="250"><subfield code="a">Bantam Books mass market edition.</subfield></datafield><datafield ind1=" " ind2="1" tag="264"><subfield code="a">New York :</subfield><subfield code="b">Bantam Books,</subfield><subfield code="c">2015.</subfield></datafield><datafield ind1=" " ind2="4" tag="264"><subfield code="c">&#169;2014</subfield></datafield><datafield ind1=" " ind2=" " tag="300"><subfield code="a">529 pages ;</subfield><subfield code="c">19 cm</subfield></datafield><datafield ind1=" " ind2=" " tag="336"><subfield code="a">text</subfield><subfield code="2">rdacontent</subfield></datafield><datafield ind1=" " ind2=" " tag="337"><subfield code="a">unmediated</subfield><subfield code="2">rdamedia</subfield></datafield><datafield ind1=" " ind2=" " tag="338"><subfield code="a">volume</subfield><subfield code="2">rdacarrier</subfield></datafield><datafield ind1=" " ind2=" " tag="500"><subfield code="a">Includes the author's short story The neighbor, a prequel to The city.</subfield></datafield><datafield ind1="0" ind2=" " tag="505"><subfield code="a">The city -- The neighbor.</subfield></datafield><datafield ind1=" " ind2=" " tag="520"><subfield code="a">"There are millions of stories in the city--some magical, some tragic, others terror-filled or triumphant. Jonah Kirk's story is all of those things as he draws readers into his life in the city as a young boy, introducing his indomitable grandfather, also a "piano man;" his single mother, a struggling singer; and the heroes, villains, and everyday saints and sinners who make up the fabric of the metropolis in which they live--and who will change the course of Jonah's life forever. Welcome to The City, a place of evergreen dreams where enchantment and malice entwine, where courage and honor are found in the most unexpected corners and the way forward lies buried deep inside the heart"-- Provided by publisher.</subfield></datafield><datafield ind1=" " ind2=" " tag="596"><subfield code="a">3 35</subfield></datafield><datafield ind1=" " ind2="0" tag="650"><subfield code="a">Musicians</subfield><subfield code="v">Fiction.</subfield></datafield><datafield ind1=" " ind2="0" tag="650"><subfield code="a">City and town life</subfield><subfield code="v">Fiction.</subfield></datafield><datafield ind1="1" ind2=" " tag="700"><subfield code="a">Koontz, Dean R.</subfield><subfield code="q">(Dean Ray),</subfield><subfield code="d">1945-</subfield><subfield code="t">Neighbor.</subfield></datafield><datafield ind1="4" ind2="2" tag="740"><subfield code="a">The neighbor.</subfield></datafield><datafield ind1="0" ind2="8" tag="775"><subfield code="i">Reproduction of (manifestation):</subfield><subfield code="a">Koontz, Dean (Dean Ray), 1945-</subfield><subfield code="t">City : a novel</subfield><subfield code="d">New York : Bantam Books, 2014</subfield><subfield code="h">398 pages ; 25 cm</subfield><subfield code="w">(DLC)  2014010553</subfield></datafield><datafield ind1=" " ind2=" " tag="926"><subfield code="a">KOO</subfield><subfield code="w">LC</subfield><subfield code="c">1</subfield><subfield code="i">30125302525695</subfield><subfield code="d">7/6/2015</subfield><subfield code="e">7/3/2015</subfield><subfield code="l">PAPERBACKS</subfield><subfield code="m">RED_DEER_C</subfield><subfield code="n">1</subfield><subfield code="r">Y</subfield><subfield code="s">Y</subfield><subfield code="t">BOOK</subfield><subfield code="u">3/4/2015</subfield></datafield><datafield ind1=" " ind2=" " tag="926"><subfield code="a">Mystery KOO</subfield><subfield code="w">ASIS</subfield><subfield code="c">1</subfield><subfield code="i">33862001359102</subfield><subfield code="l">PAPERBACKS</subfield><subfield code="m">NORQ_MAIN</subfield><subfield code="p">$8.99</subfield><subfield code="r">Y</subfield><subfield code="s">Y</subfield><subfield code="t">PAPERBACK</subfield><subfield code="u">5/5/2015</subfield></datafield></record>